<record><leader>00000cas a2200000 a 4500</leader><controlfield tag="001">13925176</controlfield><controlfield tag="008">860724d18851961nyuwr ne      0    0eng  </controlfield><datafield ind1=" " ind2=" " tag="010"><subfield code="a">sn 86071739 </subfield></datafield><datafield ind1=" " ind2=" " tag="040"><subfield code="a">DLC</subfield><subfield code="b">eng</subfield><subfield code="c">DLC</subfield><subfield code="d">NYS</subfield><subfield code="d">OCLCQ</subfield><subfield code="d">NYS</subfield><subfield code="d">OCLCO</subfield><subfield code="d">OCLCQ</subfield><subfield code="d">OCLCA</subfield><subfield code="d">OCLCF</subfield></datafield><datafield ind1="1" ind2=" " tag="029"><subfield code="a">AU@</subfield><subfield code="b">000004809474</subfield></datafield><datafield ind1=" " ind2=" " tag="042"><subfield code="a">pcc</subfield></datafield><datafield ind1=" " ind2=" " tag="043"><subfield code="a">n-us-ny</subfield></datafield><datafield ind1="0" ind2="0" tag="050"><subfield code="a">Newspaper 7002</subfield></datafield><datafield ind1="0" ind2="4" tag="245"><subfield code="a">The Patchogue advance.</subfield></datafield><datafield ind1="1" ind2="3" tag="246"><subfield code="a">Patchogue advance on the south side of Long Island</subfield></datafield><datafield ind1=" " ind2=" " tag="260"><subfield code="a">Patchogue, N.Y. :</subfield><subfield code="b">Palmer &amp; Overton,</subfield><subfield code="c">1885-1961.</subfield></datafield><datafield ind1=" " ind2=" " tag="300"><subfield code="a">v. :</subfield><subfield code="b">ill. ;</subfield><subfield code="c">57 cm.</subfield></datafield><datafield ind1=" " ind2=" " tag="310"><subfield code="a">Weekly,</subfield><subfield code="b">Sept. 4, 1931-Apr. 27, 1961</subfield></datafield><datafield ind1=" " ind2=" " tag="321"><subfield code="a">Weekly,</subfield><subfield code="b">Nov. 28, 1885-Apr. 3, 1925</subfield></datafield><datafield ind1=" " ind2=" " tag="321"><subfield code="a">Semiweekly,</subfield><subfield code="b">Apr. 10, 1925-Aug. 28, 1931</subfield></datafield><datafield ind1="0" ind2=" " tag="362"><subfield code="a">Vo. 15, no. 11 (Nov. 28, 1885)-90th year, no. 35 (Apr. 27, 1961).</subfield></datafield><datafield ind1=" " ind2=" " tag="500"><subfield code="a">Publishers: Palmer &amp; Overton, Nov. 28, 1885-Apr. 21, 1888; M.P. van Duesen, Apr. 28, 1888-June 18, 1892; James A. Canfield, June 5, 1892-July 24, 1924; and John Tuthill, Jr., July 31, 1927-Apr. 27, 1961.</subfield></datafield><datafield ind1=" " ind2=" " tag="500"><subfield code="a">Official newspaper, County of Suffolk, &lt;1936&gt;-Apr. 27, 1961.</subfield></datafield><datafield ind1=" " ind2=" " tag="500"><subfield code="a">"A column of Spanish is published every week." &lt;1961&gt;</subfield></datafield><datafield ind1=" " ind2=" " tag="500"><subfield code="a">"Republican," &lt;1933&gt;.</subfield></datafield><datafield ind1=" " ind2="0" tag="651"><subfield code="a">Patchogue (N.Y.)</subfield><subfield code="v">Newspapers.</subfield></datafield><datafield ind1=" " ind2="0" tag="651"><subfield code="a">Suffolk County (N.Y.)</subfield><subfield code="v">Newspapers.</subfield></datafield><datafield ind1=" " ind2="7" tag="655"><subfield code="a">Newspapers.</subfield><subfield code="2">fast</subfield><subfield code="0">(OCoLC)fst01423814</subfield></datafield><datafield ind1=" " ind2="7" tag="651"><subfield code="a">New York (State)</subfield><subfield code="z">Patchogue.</subfield><subfield code="2">fast</subfield><subfield code="0">(OCoLC)fst01221273</subfield></datafield><datafield ind1=" " ind2="7" tag="651"><subfield code="a">New York (State)</subfield><subfield code="z">Suffolk County.</subfield><subfield code="2">fast</subfield><subfield code="0">(OCoLC)fst01207260</subfield></datafield><datafield ind1=" " ind2=" " tag="752"><subfield code="a">United States</subfield><subfield code="b">New York</subfield><subfield code="c">Suffolk</subfield><subfield code="d">Patchogue.</subfield></datafield><datafield ind1="0" ind2="0" tag="780"><subfield code="t">Advance (Patchogue, N.Y.)</subfield><subfield code="w">(DLC)sn 85025694</subfield><subfield code="w">(OCoLC)11859867</subfield></datafield><datafield ind1="0" ind2="5" tag="780"><subfield code="t">Mid-island mail</subfield><subfield code="w">(DLC)sn 95071326</subfield><subfield code="w">(OCoLC)32847169</subfield></datafield><datafield ind1="0" ind2="5" tag="780"><subfield code="t">Argus (Patchogue, N.Y.)</subfield><subfield code="w">(DLC)sn 95071327</subfield><subfield code="w">(OCoLC)32846860</subfield></datafield><datafield ind1="0" ind2="7" tag="785"><subfield code="t">Moriches tribune</subfield><subfield code="w">(DLC)sn 95071325</subfield><subfield code="w">(OCoLC)32847021</subfield></datafield><datafield ind1="0" ind2="7" tag="785"><subfield code="t">Long Island advance</subfield><subfield code="w">(DLC)sn 95071025</subfield><subfield code="w">(OCoLC)31190082</subfield></datafield></record>